<record><leader>00000cas a22000007a 4500</leader><controlfield tag="001">10293502</controlfield><controlfield tag="008">840112d18631864njudn ne      0    0eng d</controlfield><datafield ind1=" " ind2=" " tag="010"><subfield code="a">sn 84025702 </subfield></datafield><datafield ind1=" " ind2=" " tag="040"><subfield code="a">NPV</subfield><subfield code="b">eng</subfield><subfield code="c">NPV</subfield><subfield code="d">NPX</subfield><subfield code="d">NJW</subfield><subfield code="d">OCLCQ</subfield></datafield><datafield ind1=" " ind2=" " tag="042"><subfield code="a">msc</subfield></datafield><datafield ind1=" " ind2=" " tag="045"><subfield code="a">w6w6</subfield></datafield><datafield ind1=" " ind2=" " tag="052"><subfield code="a">3813</subfield><subfield code="b">H7</subfield></datafield><datafield ind1="0" ind2="0" tag="245"><subfield code="a">Jersey City daily advocate. And Hudson County observer.</subfield></datafield><datafield ind1="3" ind2="0" tag="246"><subfield code="a">Jersey City daily advocate</subfield></datafield><datafield ind1="3" ind2="0" tag="246"><subfield code="a">Hudson County observer</subfield></datafield><datafield ind1="3" ind2="0" tag="246"><subfield code="a">Peoples' advocate</subfield></datafield><datafield ind1=" " ind2=" " tag="260"><subfield code="a">Jersey City, N.J. :</subfield><subfield code="b">Clarke, Colston &amp; Downes</subfield></datafield><datafield ind1=" " ind2=" " tag="300"><subfield code="a">v.</subfield></datafield><datafield ind1=" " ind2=" " tag="310"><subfield code="a">Daily (except Sat. &amp; Sun.)</subfield></datafield><datafield ind1="1" ind2=" " tag="362"><subfield code="a">Began with May 7, 1863 issue; ceased with Aug. 30, 1864 issue.</subfield></datafield><datafield ind1=" " ind2=" " tag="530"><subfield code="a">Also issued on microfilm as part of the Civil War newspapers collection.</subfield></datafield><datafield ind1=" " ind2=" " tag="588"><subfield code="a">Description based on: Vol. 1, no. 91 (July 30, 1863).</subfield></datafield><datafield ind1=" " ind2=" " tag="752"><subfield code="a">United States</subfield><subfield code="b">New Jersey</subfield><subfield code="c">Hudson</subfield><subfield code="d">Jersey City.</subfield></datafield><datafield ind1="0" ind2="0" tag="780"><subfield code="t">Peoples' advocate, and Hudson County observer</subfield><subfield code="w">(DLC)sn 87068243</subfield><subfield code="w">(OCoLC)16273741</subfield></datafield><datafield ind1="0" ind2="7" tag="785"><subfield code="t">Jersey City chronicle</subfield><subfield code="w">(DLC)sn 84031676</subfield><subfield code="w">(OCoLC)11226174</subfield></datafield><datafield ind1="0" ind2="7" tag="785"><subfield code="t">Jersey City daily times</subfield><subfield code="w">(DLC)sn 84020455</subfield><subfield code="w">(OCoLC)10815679</subfield></datafield></record>